%% This BibTeX bibliography file was created using BibDesk.
%% http://bibdesk.sourceforge.net/


%% Created for Chloe Desdouits at 2012-02-04 10:40:30 +0100 


%% Saved with string encoding Unicode (UTF-8) 



@article{Younis04,
	Author = {Younis, O. and Fahmy, S.},
	Date-Added = {2012-02-04 09:37:56 +0000},
	Date-Modified = {2012-02-04 09:38:14 +0000},
	Journal = {Mobile Computing, IEEE Transactions on},
	Number = {4},
	Pages = {366--379},
	Publisher = {IEEE},
	Title = {HEED: a hybrid, energy-efficient, distributed clustering approach for ad hoc sensor networks},
	Volume = {3},
	Year = {2004},
	Bdsk-File-1 = {YnBsaXN0MDDUAQIDBAUIJidUJHRvcFgkb2JqZWN0c1gkdmVyc2lvblkkYXJjaGl2ZXLRBgdUcm9vdIABqAkKFRYXGyIjVSRudWxs0wsMDQ4RFFpOUy5vYmplY3RzV05TLmtleXNWJGNsYXNzog8QgASABqISE4ACgAOAB1lhbGlhc0RhdGFccmVsYXRpdmVQYXRo0hgNGRpXTlMuZGF0YU8RAWoAAAAAAWoAAgAADE1hY2ludG9zaCBIRAAAAAAAAAAAAAAAAAAAAMrQqfBIKwAAAA3NGQxZb3VuaXMwNC5wZGYAAAAAAAAAAAAAAAAAAAAAAAAAAAAAAAAAAAAAAAAAAAAAAAAAAAAAAAAAAAAAAAAAAAAAQ6mpy1K54QAAAAAAAAAAAAcAAgAACSAAAAAAAAAAAAAAAAAAAAAHRGVza3RvcAAAEAAIAADK0I3QAAAAEQAIAADLUqvRAAAAAQAMAA3NGQANuZsADbmYAAIALk1hY2ludG9zaCBIRDpVc2VyczoAQ2xvOgBEZXNrdG9wOgBZb3VuaXMwNC5wZGYADgAaAAwAWQBvAHUAbgBpAHMAMAA0AC4AcABkAGYADwAaAAwATQBhAGMAaQBuAHQAbwBzAGgAIABIAEQAEgAeVXNlcnMvQ2xvL0Rlc2t0b3AvWW91bmlzMDQucGRmABMAAS8AABUAAgAK//8AAIAF0hwdHh9YJGNsYXNzZXNaJGNsYXNzbmFtZaMfICFdTlNNdXRhYmxlRGF0YVZOU0RhdGFYTlNPYmplY3RfECkuLi8uLi8uLi8uLi8uLi8uLi8uLi9EZXNrdG9wL1lvdW5pczA0LnBkZtIcHSQloiUhXE5TRGljdGlvbmFyeRIAAYagXxAPTlNLZXllZEFyY2hpdmVyAAgAEQAWAB8AKAAyADUAOgA8AEUASwBSAF0AZQBsAG8AcQBzAHYAeAB6AHwAhgCTAJgAoAIOAhACFQIeAikCLQI7AkICSwJ3AnwCfwKMApEAAAAAAAACAQAAAAAAAAAoAAAAAAAAAAAAAAAAAAACow==}}

@inproceedings{Ye02,
	Author = {Ye, W. and Heidemann, J. and Estrin, D.},
	Booktitle = {INFOCOM 2002. Twenty-First Annual Joint Conference of the IEEE Computer and Communications Societies. Proceedings. IEEE},
	Date-Added = {2012-02-04 09:36:58 +0000},
	Date-Modified = {2012-02-04 09:37:30 +0000},
	Organization = {IEEE},
	Pages = {1567--1576},
	Title = {An energy-efficient MAC protocol for wireless sensor networks},
	Volume = {3},
	Year = {2002},
	Bdsk-File-1 = {YnBsaXN0MDDUAQIDBAUIJidUJHRvcFgkb2JqZWN0c1gkdmVyc2lvblkkYXJjaGl2ZXLRBgdUcm9vdIABqAkKFRYXGyIjVSRudWxs0wsMDQ4RFFpOUy5vYmplY3RzV05TLmtleXNWJGNsYXNzog8QgASABqISE4ACgAOAB1lhbGlhc0RhdGFccmVsYXRpdmVQYXRo0hgNGRpXTlMuZGF0YU8RAVoAAAAAAVoAAgAADE1hY2ludG9zaCBIRAAAAAAAAAAAAAAAAAAAAMrQqfBIKwAAAA3NGQhZZTAyLnBkZgAAAAAAAAAAAAAAAAAAAAAAAAAAAAAAAAAAAAAAAAAAAAAAAAAAAAAAAAAAAAAAAAAAAAAAAAAAQ6h7y1K5dwAAAAAAAAAAAAcAAgAACSAAAAAAAAAAAAAAAAAAAAAHRGVza3RvcAAAEAAIAADK0I3QAAAAEQAIAADLUqtnAAAAAQAMAA3NGQANuZsADbmYAAIAKk1hY2ludG9zaCBIRDpVc2VyczoAQ2xvOgBEZXNrdG9wOgBZZTAyLnBkZgAOABIACABZAGUAMAAyAC4AcABkAGYADwAaAAwATQBhAGMAaQBuAHQAbwBzAGgAIABIAEQAEgAaVXNlcnMvQ2xvL0Rlc2t0b3AvWWUwMi5wZGYAEwABLwAAFQACAAr//wAAgAXSHB0eH1gkY2xhc3Nlc1okY2xhc3NuYW1lox8gIV1OU011dGFibGVEYXRhVk5TRGF0YVhOU09iamVjdF8QJS4uLy4uLy4uLy4uLy4uLy4uLy4uL0Rlc2t0b3AvWWUwMi5wZGbSHB0kJaIlIVxOU0RpY3Rpb25hcnkSAAGGoF8QD05TS2V5ZWRBcmNoaXZlcgAIABEAFgAfACgAMgA1ADoAPABFAEsAUgBdAGUAbABvAHEAcwB2AHgAegB8AIYAkwCYAKAB/gIAAgUCDgIZAh0CKwIyAjsCYwJoAmsCeAJ9AAAAAAAAAgEAAAAAAAAAKAAAAAAAAAAAAAAAAAAAAo8=}}

@article{Ingelrest08,
	Acmid = {1399554},
	Address = {Hingham, MA, USA},
	Author = {Ingelrest, Fran{\c c}ois and Simplot-Ryl, David},
	Date-Added = {2012-01-19 10:02:04 +0000},
	Date-Modified = {2012-01-19 10:03:21 +0000},
	Doi = {http://dx.doi.org/10.1007/s11276-006-9817-7},
	Issn = {1022-0038},
	Issue = {3},
	Issue_Date = {June 2008},
	Journal = {Wirel. Netw.},
	Keywords = {ad hoc networks, broadcasting protocols, energy efficiency, localized algorithms},
	Month = {June},
	Numpages = {11},
	Pages = {309--319},
	Publisher = {Kluwer Academic Publishers},
	Title = {Localized broadcast incremental power protocol for wireless ad hoc networks},
	Url = {http://dx.doi.org/10.1007/s11276-006-9817-7},
	Volume = {14},
	Year = {2008},
	Bdsk-Url-1 = {http://dx.doi.org/10.1007/s11276-006-9817-7}}

@article{Shah02,
	Author = {R. C. Shah and J. M. Rabaey},
	Date-Added = {2012-01-19 09:37:40 +0000},
	Date-Modified = {2012-01-19 09:39:33 +0000},
	Journal = {Energy aware routing for low energy ad hoc sensor networks},
	Pages = {350--355},
	Title = {Energy aware routing for low energy ad hoc sensor networks},
	Volume = {1},
	Year = {2002},
	Bdsk-File-1 = {YnBsaXN0MDDUAQIDBAUIJidUJHRvcFgkb2JqZWN0c1gkdmVyc2lvblkkYXJjaGl2ZXLRBgdUcm9vdIABqAkKFRYXGyIjVSRudWxs0wsMDQ4RFFpOUy5vYmplY3RzV05TLmtleXNWJGNsYXNzog8QgASABqISE4ACgAOAB1lhbGlhc0RhdGFccmVsYXRpdmVQYXRo0hgNGRpXTlMuZGF0YU8RAWIAAAAAAWIAAgAADE1hY2ludG9zaCBIRAAAAAAAAAAAAAAAAAAAAMrQqfBIKwAAAA3NGQpTaGFoMDIucGRmAAAAAAAAAAAAAAAAAAAAAAAAAAAAAAAAAAAAAAAAAAAAAAAAAAAAAAAAAAAAAAAAAAAAAAAAQ6nky1K6CwAAAAAAAAAAAAcAAgAACSAAAAAAAAAAAAAAAAAAAAAHRGVza3RvcAAAEAAIAADK0I3QAAAAEQAIAADLUqv7AAAAAQAMAA3NGQANuZsADbmYAAIALE1hY2ludG9zaCBIRDpVc2VyczoAQ2xvOgBEZXNrdG9wOgBTaGFoMDIucGRmAA4AFgAKAFMAaABhAGgAMAAyAC4AcABkAGYADwAaAAwATQBhAGMAaQBuAHQAbwBzAGgAIABIAEQAEgAcVXNlcnMvQ2xvL0Rlc2t0b3AvU2hhaDAyLnBkZgATAAEvAAAVAAIACv//AACABdIcHR4fWCRjbGFzc2VzWiRjbGFzc25hbWWjHyAhXU5TTXV0YWJsZURhdGFWTlNEYXRhWE5TT2JqZWN0XxAnLi4vLi4vLi4vLi4vLi4vLi4vLi4vRGVza3RvcC9TaGFoMDIucGRm0hwdJCWiJSFcTlNEaWN0aW9uYXJ5EgABhqBfEA9OU0tleWVkQXJjaGl2ZXIACAARABYAHwAoADIANQA6ADwARQBLAFIAXQBlAGwAbwBxAHMAdgB4AHoAfACGAJMAmACgAgYCCAINAhYCIQIlAjMCOgJDAm0CcgJ1AoIChwAAAAAAAAIBAAAAAAAAACgAAAAAAAAAAAAAAAAAAAKZ}}

@article{Lewin07,
	Author = {L. Lewin-Eytan and J. Naor and A. Orda},
	Date-Added = {2012-01-19 09:32:17 +0000},
	Date-Modified = {2012-01-19 09:34:21 +0000},
	Journal = {MobiHoc '07: Proceedings of the 8th ACM international symposium on Mobile ad hoc networking and computing},
	Pages = {160--169},
	Title = {Maximum lifetime routing: system optimization & game-theoretic perspectives},
	Year = {2007}}

@article{Kuruvila06,
	Author = {J. Kuruvila and A. Nayak and I. Stojmenovic},
	Date-Added = {2012-01-19 09:30:49 +0000},
	Date-Modified = {2012-01-19 09:35:58 +0000},
	Journal = {International Journal of Distributed Sensor Networks},
	Title = {Progress based localized power and cost aware routing algorithms for ad hoc and sensor wireless networks},
	Year = {2006}}

@article{Kahn99,
	Author = {J. M. Kahn and R. H. Katz and K. S. J. Pister},
	Date-Added = {2012-01-19 09:29:36 +0000},
	Date-Modified = {2012-01-19 09:35:20 +0000},
	Journal = {MobiCom '99: Proceedings of the 5th annual ACM/IEEE international conference on Mobile computing and networking},
	Pages = {271--278},
	Title = {Next century challenges: mobile networking for ``smart dust''},
	Year = {1999}}

@article{Hoeselvan04,
	Author = {L. Hoeselvan and T. Nieberg and J. Wu and P. Havinga},
	Date-Added = {2012-01-19 09:23:18 +0000},
	Date-Modified = {2012-01-19 09:36:16 +0000},
	Journal = {IEEE Wireless Communications},
	Title = {Prolonging the lifetime of wireless sensor networks by cross-layer interaction},
	Year = {2004}}

@article{Giordano03,
	Author = {S. Giordano and I. Stojmenovic and L. Blazevic},
	Date-Added = {2012-01-19 09:22:06 +0000},
	Date-Modified = {2012-01-19 09:35:44 +0000},
	Journal = {Ad Hoc Wireless Networking},
	Pages = {103--136},
	Title = {Position based routing algorithms for ad hoc networks: a taxonomy},
	Year = {2003}}

@article{Dong05,
	Author = {Q. Dong},
	Date-Added = {2012-01-19 09:19:38 +0000},
	Date-Modified = {2012-01-19 09:21:47 +0000},
	Journal = {IPSN '05: Proceedings of the 4th international symposium on Information processing in sensor networks},
	Pages = {3},
	Title = {Maximizing system lifetime in wireless sensor networks},
	Year = {2005}}

@article{Deng05,
	Author = {J. Deng and Y. S. Han and W. B. Heinzelman and P. K. Varshney},
	Date-Added = {2012-01-19 09:18:05 +0000},
	Date-Modified = {2012-01-19 09:36:24 +0000},
	Journal = {ACM/Kluwer Mobile Networks and Applications (MONET), Special Issue on ``Energy Constraints and Lifetime Performance in Wireless Sensor Networks''},
	Title = {Scheduling sleeping nodes in high density cluster-based sensor networks},
	Year = {2005}}

@article{Chang00,
	Author = {Jae-Hwan Chang and Leandros Tassiulas},
	Date-Added = {2012-01-19 09:16:49 +0000},
	Date-Modified = {2012-01-19 13:46:06 +0000},
	Journal = {INFOCOM},
	Pages = {22--31},
	Title = {Energy conserving routing in wireless ad-hoc networks},
	Year = {2000}}

@article{lifetime,
	Author = {Julien Champ and Cl{\'e}ment Saad and Anne-Elisabeth Baert},
	Date-Added = {2012-01-19 09:15:25 +0000},
	Date-Modified = {2012-01-19 09:16:39 +0000},
	Title = {Lifetime in Wireless Sensor Networks}}

@article{Rodoplu98,
	Author = {V. Rodoplu and T.H. Meng},
	Date-Added = {2012-01-19 09:13:54 +0000},
	Date-Modified = {2012-01-19 09:35:12 +0000},
	Journal = {Proc. of IEEE International Conference on Communications (ICC)},
	Title = {Minimum energy mobile wireless networks},
	Year = {1998}}

@url{WSNET,
	Date-Added = {2012-01-19 09:10:44 +0000},
	Date-Modified = {2012-01-19 12:00:01 +0000},
	Title = {Wsnet : an event-driven simulator for large scale wireless sensor networks},
	Url = {http://wsnet.gforge.inria.fr},
	Bdsk-Url-1 = {http://wsnet.gforge.inria.fr}}

@article{Peng00,
	Author = {Wei Peng and Xi-Cheng Lu},
	Date-Added = {2012-01-19 09:06:55 +0000},
	Date-Modified = {2012-01-19 09:35:31 +0000},
	Journal = {MobiHoc '00: Proceedings of the 1st ACM international symposium on Mobile ad hoc networking & computing},
	Pages = {129--130},
	Title = {On the reduction of broadcast redundancy in mobile ad hoc networks},
	Year = {2000}}

@article{Akyildiz02,
	Author = {I. F. Akyildiz and W. Su and Y. Sankarasubramaniam and E. Cayirci},
	Date-Added = {2012-01-19 09:04:04 +0000},
	Date-Modified = {2012-01-19 09:36:37 +0000},
	Journal = {Computer Networks},
	Number = {38},
	Pages = {393--422},
	Title = {Wireless sensor networks: a survey},
	Volume = {4},
	Year = {2002}}

@article{DLBIP,
	Author = {Julien Champ and Anne-Elisabeth Baert and Vincent Boudet},
	Date-Added = {2012-01-18 14:03:11 +0000},
	Date-Modified = {2012-01-19 09:03:26 +0000},
	Read = {1},
	Title = {Dynamic Localized Broadcast Incremental Power Protocol and Lifetime in Wireless Ad Hoc and Sensor Networks},
	Year = {2012},
	Bdsk-File-1 = {YnBsaXN0MDDUAQIDBAUIJidUJHRvcFgkb2JqZWN0c1gkdmVyc2lvblkkYXJjaGl2ZXLRBgdUcm9vdIABqAkKFRYXGyIjVSRudWxs0wsMDQ4RFFpOUy5vYmplY3RzV05TLmtleXNWJGNsYXNzog8QgASABqISE4ACgAOAB1lhbGlhc0RhdGFccmVsYXRpdmVQYXRo0hgNGRpXTlMuZGF0YU8RAbYAAAAAAbYAAgAADE1hY2ludG9zaCBIRAAAAAAAAAAAAAAAAAAAAMrQqfBIKwAAAD9d6AlETEJJUC5wZGYAAAAAAAAAAAAAAAAAAAAAAAAAAAAAAAAAAAAAAAAAAAAAAAAAAAAAAAAAAAAAAAAAAAAAAAAAQQTwy0CFMAAAAAAAAAAAAAEAAgAACSAAAAAAAAAAAAAAAAAAAAAIQXJ0aWNsZXMAEAAIAADK0I3QAAAAEQAIAADLQHcgAAAAAQAkAD9d6AA9rNsAPazWAD2szQARB7cAEPRrAA4RbwANuZsADbmYAAIATk1hY2ludG9zaCBIRDpVc2VyczoAQ2xvOgBEb2N1bWVudHM6AEZhYzoATTE6AFMyOgBURVI6AGdpdDoAQXJ0aWNsZXM6AERMQklQLnBkZgAOABQACQBEAEwAQgBJAFAALgBwAGQAZgAPABoADABNAGEAYwBpAG4AdABvAHMAaAAgAEgARAASADhVc2Vycy9DbG8vRG9jdW1lbnRzL0ZhYy9NMS9TMi9URVIvZ2l0L0FydGljbGVzL0RMQklQLnBkZgATAAEvAAAVAAIACv//AACABdIcHR4fWCRjbGFzc2VzWiRjbGFzc25hbWWjHyAhXU5TTXV0YWJsZURhdGFWTlNEYXRhWE5TT2JqZWN0XxAVLi4vQXJ0aWNsZXMvRExCSVAucGRm0hwdJCWiJSFcTlNEaWN0aW9uYXJ5EgABhqBfEA9OU0tleWVkQXJjaGl2ZXIACAARABYAHwAoADIANQA6ADwARQBLAFIAXQBlAGwAbwBxAHMAdgB4AHoAfACGAJMAmACgAloCXAJhAmoCdQJ5AocCjgKXAq8CtAK3AsQCyQAAAAAAAAIBAAAAAAAAACgAAAAAAAAAAAAAAAAAAALb}}
